@BOOK{lavretskywise.book.2013,
  title         = {Robust and Adaptive Control},
  author        = {Eugene Lavretsky and Kevin A. Wise},
  year          = {2013},
  publisher     = {Springer},
  isbn          = {9781447143963},
  url           = {\url{http://books.google.com/books?id=a2128lhlWfQC}},
  note          = {\url{http://books.google.com/books?id=a2128lhlWfQC}}
}

@BOOK{stengel.flightdynamics.2004,
  title         = {Flight Dynamics},
  author        = {Robert F. Stengel},
  year          = {2004},
  publisher     = {Princeton University Press},
  note          = {pp. 293},
  isbn          = {9780691114071},
  lccn          = {2003062310},
  url           = {\url{http://books.google.com/books?id=EFZzQgAACAAJ}},
  note          = {\url{http://books.google.com/books?id=EFZzQgAACAAJ}}
}

@BOOK{narendra.stable.2005,
  title         = {Stable Adaptive Systems},
  author        = {Kumpati S. Narendra and Anuradha M. Annaswamy},
  series        = {Dover Books on Electrical Engineering Series},
  year          = {2005},
  publisher     = {Dover},
  isbn          = {9780486442266},
  lccn          = {2004065741},
  url           = {\url{http://books.google.com/books?id=CRJhmsAHCUcC}},
  note          = {\url{http://books.google.com/books?id=CRJhmsAHCUcC}}
}

@INPROCEEDINGS{gibson.adaptive.2008,
  author        = {Travis E. Gibson and Anuradha M. Annaswamy},
  title         = {Adaptive Control of Hypersonic Vehicles in the Presence of Thrust and Actuator Uncertainties},
  booktitle     = {AIAA Guidance, Navigation and Control Conference and Exhibit},
  organization  = {American Institute of Aeronautics and Astronautics},
  publisher     = {American Institute of Aeronautics and Astronautics},
  address       = {Honolulu, HI, USA},
  month         = {August},
  year          = {2008},
  pages         = {1},
  doi           = {10.2514/6.2008-6961},
  url           = {\url{https://doi.org/10.2514/6.2008-6961}},
  note          = {\url{https://doi.org/10.2514/6.2008-6961}}
}

@INPROCEEDINGS{qu.gnc.2013,
  author        = {Zheng Qu and Eugene Lavretsky and Anuradha M. Annaswamy},
  title         = {An Adaptive Controller for Very Flexible Aircraft},
  booktitle     = {AIAA Guidance, Navigation, and Control Conference},
  organization  = {AIAA},
  publisher     = {American Institute of Aeronautics and Astronautics},
  address       = {Boston, MA, USA},
  month         = {August},
  year          = {2013},
  pages         = {1},
  doi           = {10.2514/6.2013-4854},
  url           = {\url{https://doi.org/10.2514/6.2013-4854}},
  note          = {\url{https://doi.org/10.2514/6.2013-4854}}
}

@INPROCEEDINGS{wiese.adaptive.2013,
  author        = {Daniel P. Wiese and Anuradha M. Annaswamy and Jonathan A. Muse and Michael A. Bolender},
  title         = {Adaptive Control of a Generic Hypersonic Vehicle},
  booktitle     = {AIAA Guidance, Navigation, and Control Conference},
  organization  = {AIAA},
  publisher     = {American Institute of Aeronautics and Astronautics},
  address       = {Boston, MA, USA},
  month         = {August},
  year          = {2013},
  pages         = {1},
  doi           = {10.2514/6.2013-4514},
  url           = {\url{https://doi.org/10.2514/6.2013-4514}},
  note          = {\url{https://doi.org/10.2514/6.2013-4514}}
}

@INPROCEEDINGS{gibson.aiaacrm.2012,
  author        = {Travis E. Gibson and Anuradha M. Annaswamy and Eugene Lavretsky},
  title         = {Improved Transient Response in Adaptive Control Using Projection Algorithms and Closed Loop Reference Models},
  booktitle     = {AIAA Guidance, Navigation, and Control Conference},
  organization  = {AIAA},
  address       = {Minneapolis, MN, USA},
  month         = {August},
  year          = {2012},
  pages         = {1},
  publisher     = {American Institute of Aeronautics and Astronautics},
  doi           = {10.2514/6.2012-4775},
  url           = {\url{http://dx.doi.org/10.2514/6.2012-4775}},
  note          = {\url{http://dx.doi.org/10.2514/6.2012-4775}}
}

@INPROCEEDINGS{gibson.ecc.2013,
  author        = {Travis E. Gibson and Anuradha M. Annaswamy and Eugene Lavretsky},
  title         = {Closed-loop reference models for output-feedback adaptive systems},
  booktitle     = {European Control Conference (ECC)},
  address       = {Zurich, Switzerland},
  month         = {July},
  year          = {2013},
  pages         = {365-370},
  organization  = {IEEE},
  publisher     = {IEEE},
  doi           = {10.23919/ECC.2013.6669803},
  url           = {\url{https://doi.org/10.23919/ECC.2013.6669803}},
  note          = {\url{https://doi.org/10.23919/ECC.2013.6669803}}
}

@ARTICLE{gibson.ieeeaccess.2013,
  author        = {Travis E. Gibson and Anuradha M. Annaswamy and Eugene Lavretsky},
  title         = {On Adaptive Control With Closed-Loop Reference Models: Transients, Oscillations, and Peaking},
  journal       = {IEEE Access},
  volume        = {1},
  month         = {September},
  year          = {2013},
  pages         = {703-717},
  doi           = {10.1109/ACCESS.2013.2284005},
  url           = {\url{https://doi.org/10.1109/ACCESS.2013.2284005}},
  note          = {\url{https://doi.org/10.1109/ACCESS.2013.2284005}}
}

@INPROCEEDINGS{gibson.acc.2013,
  author        = {Travis E. Gibson and Anuradha M. Annaswamy and Eugene Lavretsky},
  title         = {Adaptive systems with closed-loop reference-models, part I: Transient performance},
  booktitle     = {American Control Conference},
  organization  = {IEEE},
  address       = {Washington DC, USA},
  month         = {June},
  year          = {2013},
  pages         = {3376-3383},
  doi           = {10.1109/ACC.2013.6580353},
  url           = {\url{https://doi.org/10.1109/ACC.2013.6580353}},
  note          = {\url{https://doi.org/10.1109/ACC.2013.6580353}}
}

@BOOK{mclean.flightcontrol.1990,
  title         = {Automatic Flight Control Systems},
  author        = {Donald McLean},
  year          = {1990},
  series        = {Prentice-Hall international series in systems and control engineering},
  publisher     = {Prentice Hall},
  isbn          = {9780130540089},
  lccn          = {lc89022857},
  url           = {\url{https://books.google.com/books?id=cJNTAAAAMAAJ}}
}

@BOOK{nelson.flightcontrol.1998,
  title         = {Flight Stability and Automatic Control},
  author        = {Robert C. Nelson},
  year          = {1998},
  publisher     = {WCB/McGraw Hill},
  edition       = {2},
  isbn          = {9780070462731},
  lccn          = {97026109},
  url           = {\url{http://books.google.com/books?id=Z4lTAAAAMAAJ}},
  note          = {\url{http://books.google.com/books?id=Z4lTAAAAMAAJ}}
}

@BOOK{yechout.flightmechanics.2003,
  title         = {Introduction to Aircraft Flight Mechanics: Performance, Static Stability, Dynamic Stability, and Classical Feedback Control},
  author        = {Thomas R. Yechout and Steven L. Morris and David E. Bossert and Wayne F. Hallgren},
  year          = {2003},
  series        = {AIAA education series},
  publisher     = {American Institute of Aeronautics and Astronautics},
  isbn          = {9781563475771},
  lccn          = {03007339},
  url           = {\url{http://books.google.com/books?id=a_c2V0zAFwcC}},
  note          = {\url{http://books.google.com/books?id=a_c2V0zAFwcC}}
}

@BOOK{abzug.stability.2005,
  title         = {Airplane Stability and Control: A History of the Technologies that Made Aviation Possible},
  author        = {Malcom J. Abzug and Eugene E. Larrabee},
  year          = {2005},
  series        = {Cambridge Aerospace Series},
  publisher     = {Cambridge University Press},
  isbn          = {9780521021289},
  lccn          = {2001052847},
  url           = {\url{https://books.google.com/books?id=wpYDYLuOix4C}},
  note          = {\url{https://books.google.com/books?id=wpYDYLuOix4C}}
}

@BOOK{stevenslewis.aircraftcontrol.2003,
  title         = {Aircraft Control and Simulation},
  author        = {Brian L. Stevens and Frank L. Lewis},
  year          = {2003},
  publisher     = {John Wiley},
  edition       = {2},
  isbn          = {9780471371458},
  lccn          = {2003043250},
  url           = {\url{http://books.google.co.cr/books?id=T0Ux6av4btIC}},
  note          = {\url{http://books.google.co.cr/books?id=T0Ux6av4btIC}}
}

@INPROCEEDINGS{wiese.gnc.2015,
  author        = {Daniel P. Wiese and Anuradha M. Annaswamy and Jonathan A. Muse and Michael A. Bolender and Eugene Lavretsky},
  title         = {Adaptive Output Feedback Based on Closed-Loop Reference Models for Hypersonic Vehicles},
  booktitle     = {AIAA Scitech: Guidance, Navigation, and Control Conference},
  organization  = {AIAA},
  publisher     = {American Institute of Aeronautics and Astronautics},
  address       = {Kissimmee, FL, USA},
  month         = {January},
  year          = {2015},
  pages         = {1},
  doi           = {10.2514/6.2015-1755},
  url           = {\url{https://doi.org/10.2514/6.2015-1755}},
  note          = {\url{https://doi.org/10.2514/6.2015-1755}}
}

@ARTICLE{wiese.jgcd.2015,
  title         = {Adaptive Output Feedback Based on Closed-Loop Reference Models for Hypersonic Vehicles},
  author        = {Daniel P. Wiese and Anuradha M. Annaswamy and Jonathan A. Muse and Michael A. Bolender and Eugene Lavretsky},
  journal       = {Journal of Guidance, Control, and Dynamics},
  volume        = {38},
  number        = {12},
  pages         = {2429-2440},
  month         = {December},
  year          = {2015},
  publisher     = {AIAA},
  doi           = {10.2514/1.G001098},
  url           = {\url{https://doi.org/10.2514/1.G001098}},
  note          = {\url{https://doi.org/10.2514/1.G001098}}
}

@INPROCEEDINGS{fiorentini.canard.2008,
  title         = {Robust Nonlinear Sequential Loop Closure Control Design for an Air-breathing Hypersonic Vehicle Model},
  author        = {Lisa Fiorentini and Andrea Serrani and Michael A. Bolender and David B. Doman},
  booktitle     = {American Control Conference},
  organization  = {IEEE},
  publisher     = {IEEE},
  address       = {Seattle, WA, USA},
  month         = {June},
  year          = {2008},
  pages         = {3458--3463},
  doi           = {10.1109/ACC.2008.4587028},
  url           = {\url{https://doi.org/10.1109/ACC.2008.4587028}},
  note          = {\url{https://doi.org/10.1109/ACC.2008.4587028}}
}

@INPROCEEDINGS{fiorentini.nmp.2009,
  title         = {Nonlinear Control of Non-minimum Phase Hypersonic Vehicle Models},
  author        = {Lisa Fiorentini and Andrea Serrani and Michael A. Bolender and David B. Doman},
  booktitle     = {American Control Conference},
  organization  = {IEEE},
  publisher     = {IEEE},
  address       = {St. Louis, MO, USA},
  month         = {June},
  year          = {2009},
  pages         = {3160--3165},
  doi           = {10.1109/ACC.2009.5160211},
  url           = {\url{https://doi.org/10.1109/ACC.2009.5160211}},
  note          = {\url{https://doi.org/10.1109/ACC.2009.5160211}}
}

@ARTICLE{bodson.autopilot.2003,
  title         = {Reconfigurable nonlinear autopilot},
  author        = {Marc Bodson},
  journal       = {Journal of Guidance, Control, and Dynamics},
  volume        = {26},
  number        = {5},
  pages         = {719--727},
  year          = {2003},
  publisher     = {AIAA},
  organization  = {AIAA},
  month         = {September},
  doi           = {10.2514/2.5126},
  url           = {\url{https://doi.org/10.2514/2.5126}},
  note          = {\url{https://doi.org/10.2514/2.5126}}
}

@INPROCEEDINGS{mcfarland.autopilot.1996,
  title         = {Neural-adaptive nonlinear autopilot design for an agile anti-air missile},
  author        = {Michael B. McFarland and Anthony J. Calise},
  booktitle     = {AIAA Guidance, Navigation and Control Conference},
  organization  = {AIAA},
  publisher     = {AIAA},
  address       = {San Diego, CA, USA},
  month         = {July},
  year          = {1996},
  pages         = {29--31},
  doi           = {10.2514/6.1996-3914},
  url           = {\url{https://doi.org/10.2514/6.1996-3914}},
  note          = {\url{https://doi.org/10.2514/6.1996-3914}}
}

@INPROCEEDINGS{wise.munition.2005,
  title         = {Adaptive flight control of a sensor guided munition},
  author        = {Kevin Wise and Eugene Lavretsky and Jeffrey Zimmerman and JH Francis and Dave Dixon and Brian Whitehead},
  booktitle     = {AIAA Guidance, Navigation and Control Conference},
  organization  = {AIAA},
  publisher     = {AIAA},
  address       = {San Francisco, CA, USA},
  month         = {August},
  year          = {2005},
  pages         = {1},
  doi           = {10.2514/6.2005-6385},
  url           = {\url{https://doi.org/10.2514/6.2005-6385}},
  note          = {\url{https://doi.org/10.2514/6.2005-6385}}
}

@INPROCEEDINGS{wise.autopilot.2008,
  title         = {Robust Stability Analysis of Adaptive Missile Autopilots},
  author        = {Kevin A. Wise},
  booktitle     = {AIAA Guidance, Navigation and Control Conference},
  organization  = {AIAA},
  address       = {Honolulu, HI, USA},
  month         = {August},
  year          = {2008},
  pages         = {1},
  doi           = {10.2514/6.2008-6999},
  url           = {\url{https://doi.org/10.2514/6.2008-6999}},
  note          = {\url{https://doi.org/10.2514/6.2008-6999}}
}

@TECHREPORT{draper.apollo.1965,
  title         = {Apollo Guidance and Navigation},
  author        = {Charles Stark Draper and W. Wrigley and David Garratt Hoag and R.H. Battin and E. Miller and A. Koso and A.L. Hopkins and W.E. Vander Velde},
  institution   = {Massachusetts Institute of Technology Instrumentation Laboratory},
  month         = {June},
  year          = {1965},
  url           = {\url{https://web.mit.edu/digitalapollo/Documents/Chapter6/hoagprogreport.pdf}},
  note          = {\url{https://web.mit.edu/digitalapollo/Documents/Chapter6/hoagprogreport.pdf}}
}
